BUNQNL2A
940
BUNQNL2A
:20:BUNQ BV
:25:NL28BUNQ0000000002 EUR
:28:00001
:60F:D190823EUR0,
:61:1908260826C250,NTRFNONREF
:86:/IBAN/DE84100110010000000002/NAME/Name/REMI/Playing money
:61:1908260826D0,99NMSCNONREF
:86:/NAME/Aral Station 140974148/REMI/Aral Station 140974148 Brueggen, DE
:61:1908260826D0,01NMSCNONREF
:86:/IBAN/NL89BUNQ0000000056/NAME/L.P. Name/REMI/
:62F:C190828EUR249,
-
